@Article{Kaszynski2013,
author="Kaszynski, Alex A.
and Beck, Joseph A.
and Brown, Jeffrey M.",
title="Uncertainties of an Automated Optical 3D Geometry Measurement, Modeling, and Analysis Process for Mistuned Integrally Bladed Rotor Reverse Engineering",
journal="Journal of Engineering for Gas Turbines and Power",
year="2013",
month="Sep",
day="06",
publisher="ASME",
volume="135",
number="10",
pages="102504--102504-8",
issn="0742-4795",
doi="10.1115/1.4025000",
url="http://dx.doi.org/10.1115/1.4025000"
}

@INPROCEEDINGS{Kaszynski2013_proc,
author="Kaszynski, Alexander
and Beck, Joseph A.
and Brown, Jeffrey M.",
title="Uncertainties of an Automated Optical 3D Geometry Measurement, Modeling, and Analysis Process for Mistuned IBR Reverse Engineering",
booktitle="SME Turbo Expo 2013: Turbine Technical Conference and Exposition"
year="2013",
number="55263",
pages="V07AT28A004",
doi="10.1115/GT2013-95320",
url="http://dx.doi.org/10.1115/GT2013-95320"
}

@INPROCEEDINGS{Kaszynski2014,
author="Kaszynski, Alexander A.
and Beck, Joseph A.
and Brown, Jeffrey M.",
title="Automated Finite Element Model Mesh Updating Scheme Applicable to Mistuning Analysis",
year="2014",
number="45776",
@Comment pages="V07BT33A025",
doi="10.1115/GT2014-26925",
url="http://dx.doi.org/10.1115/GT2014-26925"
}

@INPROCEEDINGS{Kaszynski2015_exp,
author="Kaszynski, Alexander
and Brown, Jeff
and Beck, Joseph",
title="Experimental Validation of an Optically Measured Geometric Mistuning Model Using a System ID Approach",
year="2015",
month="Jan",
day="05"
}

@Article{Beck2015,
author="Beck, Joseph A.
and Brown, Jeffrey M.
and Kaszynski, Alexander A.
and Slater, Joseph C.
and Cross, Charles J.",
title="Mistuned Response Prediction of Dual Flow-Path Integrally Bladed Rotors With Geometric Mistuning",
journal="Journal of Engineering for Gas Turbines and Power",
year="2015",
month="Jun",
day="01",
publisher="ASME",
volume="137",
number="6",
pages="062501--062501-9",
issn="0742-4795",
doi="10.1115/1.4028795",
url="http://dx.doi.org/10.1115/1.4028795"
}

@Article{Beck2015_,
author="Beck, Joseph A.
and Brown, Jeffrey M.
and Kaszynski, Alex A.
and Cross, Charles J.
and Slater, Joseph C.",
title="Geometric Mistuning Reduced-Order Models for Integrally Bladed Rotors With Mistuned Disk Blade Boundaries",
journal="Journal of Turbomachinery",
year="2015",
month="Jul",
day="01",
publisher="ASME",
volume="137",
number="7",
pages="071001--071001-11",
issn="0889-504X",
doi="10.1115/1.4029122",
url="http://dx.doi.org/10.1115/1.4029122"
}

@INPROCEEDINGS{Kaszynski2015_1,
author="Kaszynski, Alexander A.
and Beck, Joseph A.
and Brown, Jeffrey M.",
title="Experimental Validation of a Mesh Quality Optimized Morphed Geometric Mistuning Model",
year="2015",
number="56765",
pages="V07AT27A005",
doi="10.1115/GT2015-43150",
url="http://dx.doi.org/10.1115/GT2015-43150"
}

@INPROCEEDINGS{Kaszynski2015_2,
author="Kaszynski, Alexander A.
and Brown, Jeffrey M.",
title="Accurate Blade Tip Timing Limits Through Geometry Mistuning Modeling",
year="2015",
number="56765",
pages="V07AT27A007",
doi="10.1115/GT2015-43192",
url="http://dx.doi.org/10.1115/GT2015-43192"
}

@INPROCEEDINGS{Kaszynski2015,
author="Kaszynski, Alexander A.
and Beck, Joseph A.
and Brown, Jeffrey M.",
title="Harmonic Convergence Estimation Through Strain Energy Superconvergence",
year="2015",
number="56765",
pages="V07AT27A010",
doi="10.1115/GT2015-44140",
url="http://dx.doi.org/10.1115/GT2015-44140"
}
                  
@INPROCEEDINGS{Beck2015_val,
author="Beck, Joseph A.
and Kaszynski, Alexander
and Scott-Emuakpor, Onome E.
and Brown, Jeffrey",
chapter="Validation of Geometric Mistuning Reduced-Order Models for Single and Dual Flow-Path Integrally Bladed Rotors",
series="AIAA SciTech Forum",
year="2015",
month="Jan",
day="02",
publisher="American Institute of Aeronautics and Astronautics",
note="0",
doi="10.2514/6.2015-1373",
url="https://doi.org/10.2514/6.2015-1373"
}


@Article{Kaszynski2016,
author="Kaszynski, Alexander A.
and Beck, Joseph A.
and Brown, Jeffrey M.",
title="Harmonic Convergence Estimation Through Strain Energy Superconvergence",
journal="Journal of Engineering for Gas Turbines and Power",
year="2016",
month="Apr",
day="12",
publisher="ASME",
volume="138",
number="10",
pages="102501--102501-9",
issn="0742-4795",
doi="10.1115/1.4033059",
url="http://dx.doi.org/10.1115/1.4033059"
}
                  

@INPROCEEDINGS{Gillaugh2017,
author="Gillaugh, Daniel
and Kaszynski, Alexander
and Brown, Jeffrey M.
and Johnston, David A.
and Slater, Joseph C.",
title="Accurate Strain Gage Limits Through Geometry Mistuning Modeling",
series="AIAA SciTech Forum",
year="2017",
month="Jan",
day="05",
publisher="American Institute of Aeronautics and Astronautics",
doi="10.2514/6.2017-0865",
url="https://doi.org/10.2514/6.2017-0865"
}

@INPROCEEDINGS{Henry2017,
author="Henry, Emily B.
and Brown, Jeffrey M.
and Beck, Joseph A.",
title="Mistuned Rotor Reduced Order Modeling with Surrogate-Modeled Airfoil Substructures",
series="AIAA SciTech Forum",
year="2017",
month="Jan",
day="05",
publisher="American Institute of Aeronautics and Astronautics",
note="0",
doi="10.2514/6.2017-1600",
url="https://doi.org/10.2514/6.2017-1600"
}

@INPROCEEDINGS{Clark2017,
author="Clark, John P.
and Beck, Joseph A.
and Kaszynski, Alex A.
and Still, Angela
and Ni, Ron-Ho",
title="The Effect of Manufacturing Variations on Unsteady Interaction in a Transonic Turbine",
year="2017",
number="50794",
pages="V02BT41A029",
doi="10.1115/GT2017-64075",
url="http://dx.doi.org/10.1115/GT2017-64075"
}

@Article{Clark2018,
author="Clark, John P.
and Beck, Joseph A.
and Kaszynski, Alex A.
and Still, Angela
and Ni, Ron-Ho",
title="The Effect of Manufacturing Variations on Unsteady Interaction in a Transonic Turbine",
journal="Journal of Turbomachinery",
year="2018",
month="Apr",
day="30",
publisher="ASME",
volume="140",
number="6",
pages="061007--061007-9",
issn="0889-504X",
doi="10.1115/1.4039361",
url="http://dx.doi.org/10.1115/1.4039361"
}

@Article{Beck2018,
author="Beck, Joseph A.
and Brown, Jeffrey M.
and Kaszynski, Alex A.
and Carper, Emily B.",
title="Active Subspace Development of Integrally Bladed Disk Dynamic Properties Due to Manufacturing Variations",
journal="Journal of Engineering for Gas Turbines and Power",
year="2018",
month="Sep",
day="18",
publisher="ASME",
volume="141",
number="2",
pages="021001--021001-10",
issn="0742-4795",
doi="10.1115/1.4040869",
url="http://dx.doi.org/10.1115/1.4040869"
}

@Article{Brown2018,
author="Brown, Jeffrey M.
and Beck, Joseph
and Kaszynski, Alexander
and Clark, John",
title="Surrogate Modeling of Manufacturing Variation Effects on Unsteady Interactions in a Transonic Turbine",
journal="Journal of Engineering for Gas Turbines and Power",
year="2018",
month="Oct",
day="11",
publisher="ASME",
volume="141",
number="3",
pages="032506--032506-12",
issn="0742-4795",
doi="10.1115/1.4041314",
url="http://dx.doi.org/10.1115/1.4041314"
}

@INPROCEEDINGS{Brown2018_pro,
author="Brown, Jeffrey M.
and Beck, Joseph
and Kaszynski, Alexander
and Clark, John",
title="Surrogate Modeling of Manufacturing Variation Effects on Unsteady Interactions in a Transonic Turbine",
year="2018",
number="51135",
pages="V07AT32A010",
doi="10.1115/GT2018-76609",
url="http://dx.doi.org/10.1115/GT2018-76609"
}

@INPROCEEDINGS{Beck2018_subspace,
author="Beck, Joseph A.
and Brown, Jeffrey M.
and Kaszynski, Alex A.
and Carper, Emily B.",
title="Active Subspace Development of Integrally Bladed Disk Dynamic Properties due to Manufacturing Variations",
year="2018",
number="51135",
pages="V07AT32A011",
doi="10.1115/GT2018-76800",
url="http://dx.doi.org/10.1115/GT2018-76800"
}

@INPROCEEDINGS{Kaszynski2018,
author="Kaszynski, Alex A.
and Beck, Joseph A.
and Brown, Jeffrey M.",
title="Automated Meshing Algorithm for Generating As-Manufactured Finite Element Models Directly From As-Measured Fan Blades and Integrally Bladed Disks",
year="2018",
number="51159",
pages="V07CT35A024",
doi="10.1115/GT2018-76375",
url="http://dx.doi.org/10.1115/GT2018-76375"
}

@INPROCEEDINGS{Beck2018_dynamic,
author="Beck, Joseph A.
and Kaszynski, Alex A.
and Brown, Jeffrey M.
and Gillaugh, Daniel L.
and Scott-Emuakpor, Onome E.",
title="Selection of Dynamic Testing Measurement Locations for Integrally Bladed Disks",
year="2018",
number="51159",
pages="V07CT35A037",
doi="10.1115/GT2018-76791",
url="http://dx.doi.org/10.1115/GT2018-76791"
}
                  
@INPROCEEDINGS{Beck2018_modal,
author="Beck, Joseph
and Brown, Jeffrey M.
and Scott-Emuakpor, Onome E.
and Kaszynski, Alexander
and Henry, Emily B.",
title="Modal Expansion Method for Eigensensitivity Calculations of Cyclically Symmetric Bladed Disks",
series="AIAA SciTech Forum",
year="2018",
month="Jan",
day="07",
publisher="American Institute of Aeronautics and Astronautics",
note="0",
doi="10.2514/6.2018-1951",
url="https://doi.org/10.2514/6.2018-1951"
}

@Article{Beck2018_modal_journal,
author="Beck, Joseph A.
and Brown, Jeffrey M.
and Scott-Emuakpor, Onome E.
and Carper, Emily B.
and Kaszynski, Alex A.",
title="Modal Expansion Method for Eigensensitivity Calculations of Cyclically Symmetric Bladed Disks",
journal="AIAA Journal",
year="2018",
month="Jul",
day="31",
publisher="American Institute of Aeronautics and Astronautics",
volume="56",
number="10",
pages="4112--4120",
issn="0001-1452",
doi="10.2514/1.J057322",
url="https://doi.org/10.2514/1.J057322"
}

@Article{Gillaugh2018_art,
author="Gillaugh, Daniel L.
and Kaszynski, Alexander A.
and Brown, Jeffrey M.
and Johnston, David A.
and Slater, Joseph C.",
title="Accurate Strain Gauge Limits Through Geometry Mistuning Modeling",
journal="Journal of Propulsion and Power",
year="2018",
month="Sep",
day="02",
publisher="American Institute of Aeronautics and Astronautics",
volume="34",
number="6",
pages="1401--1408",
issn="0748-4658",
doi="10.2514/1.B36849",
url="https://doi.org/10.2514/1.B36849"
}


@INPROCEEDINGS{Gillaugh2018,
author="Gillaugh, Daniel L.
and Kaszynski, Alexander A.
and Brown, Jeffrey M.
and Beck, Joseph A.
and Slater, Joseph C.",
title="Mistuning Evaluation Comparison via As-Manufactured Models, Traveling Wave Excitation, and Compressor Rigs",
year="2018",
number="51159",
pages="V07CT35A039",
doi="10.1115/GT2018-76888",
url="http://dx.doi.org/10.1115/GT2018-76888"
}

﻿@Article{Beck2019,
author={Beck, Joseph A.
and Brown, Jeffrey M.
and Kaszynski, Alex A.
and Carper, Emily B.
and Gillaugh, Daniel L.},
title={Geometric Mistuning Reduced-Order Model Development Utilizing Bayesian Surrogate Models for Component Mode Calculations},
journal={Journal of Engineering for Gas Turbines and Power},
year={2019},
month={Sep},
day={16},
volume={141},
number={10},
note={101013},
issn={0742-4795},
doi={10.1115/1.4044454},
url={https://doi.org/10.1115/1.4044454}
}
                  

@INPROCEEDINGS{Brown2019,
author={Brown, Jeffrey M.
and Carper, Emily B.
and Beck, Joseph A.
and Kaszynski, Alexander A.},
title={Emulation of As-Manufactured Transonic Rotor Airfoil Modal Behavior and the Significance of Frequency Veering},
year={2019},
month={Jun},
day={17},
note={Volume 7B: Structures and Dynamics},
note={ASME Turbo Expo 2019: Turbomachinery Technical Conference and Exposition},
note={GT2019},
note={Turbo Expo: Power for Land, Sea, and Air},
note={GT},
note={V07BT35A023},
isbn={978-0-7918-5869-1},
doi={10.1115/GT2019-91670},
url={https://doi.org/10.1115/GT2019-91670}
}

@article{Sullivan2019,
  doi = {10.21105/joss.01450},
  url = {https://doi.org/10.21105/joss.01450},
  year = {2019},
  publisher = {The Open Journal},
  volume = {4},
  number = {37},
  pages = {1450},
  author = {C. Bane Sullivan and Alexander A. Kaszynski},
  title = {PyVista: 3D plotting and mesh analysis through a streamlined interface for the Visualization Toolkit (VTK)},
  journal = {Journal of Open Source Software}
}


@Article{Gillaugh2019,
author="Gillaugh, Daniel L.
and Kaszynski, Alexander A.
and Brown, Jeffrey M.
and Beck, Joseph A.
and Slater, Joseph C.",
title="Mistuning Evaluation Comparison Via As-Manufactured Models, Traveling Wave Excitation, and Compressor Rigs",
journal="Journal of Engineering for Gas Turbines and Power",
year="2019",
month="Jan",
day="09",
publisher="ASME",
volume="141",
number="6",
pages="061006--061006-13",
issn="0742-4795",
doi="10.1115/1.4042079",
url="http://dx.doi.org/10.1115/1.4042079"
}
                  
﻿@Article{Gillaugh2020,
author={Gillaugh, Daniel L.
and Kaszynski, Alexander A.
and Brown, Jeffrey M.
and Beck, Joseph A.
and Slater, Joseph C.},
title={Strain Gage Ramifications on Mistuning in As-Manufactured Models and Experimental Testing},
journal={Journal of Engineering for Gas Turbines and Power},
year={2020},
month={Feb},
day={18},
volume={142},
number={5},
note={051005},
issn={0742-4795},
doi={10.1115/1.4045357},
url={https://doi.org/10.1115/1.4045357}
}

@INPROCEEDINGS{Beck2020,
author={Beck, Joseph A.
and Brown, Jeffrey M.
and Gillaugh, Daniel L.
and Carper, Emily B.
and Kaszynski, Alex A.},
title={Integrally Bladed Rotor Mistuning Identification and Model Updating Using Geometric Mistuning Models},
year={2020},
month={Sep},
day={21},
note={Volume 11: Structures and Dynamics: Structural Mechanics, Vibration, and Damping; Supercritical CO2},
note={ASME Turbo Expo 2020: Turbomachinery Technical Conference and Exposition},
note={GT2020},
note={Turbo Expo: Power for Land, Sea, and Air},
note={GT},
note={V011T30A034},
isbn={978-0-7918-8423-2},
doi={10.1115/GT2020-15539},
url={https://doi.org/10.1115/GT2020-15539}
}

@INPROCEEDINGS{Brown2020,
author={Brown, Jeffrey M.
and Kaszynski, Alex A.
and Gillaugh, Daniel L.
and Carper, Emily B.
and Beck, Joeseph A.},
title={Optimization of Airfoil Blend Limits With As-Manufactured Geometry Finite Element Models},
year={2020},
month={Sep},
day={21},
note={Volume 11: Structures and Dynamics: Structural Mechanics, Vibration, and Damping; Supercritical CO2},
note={ASME Turbo Expo 2020: Turbomachinery Technical Conference and Exposition},
note={GT2020},
note={Turbo Expo: Power for Land, Sea, and Air},
note={GT},
note={V011T30A029},
isbn={978-0-7918-8423-2},
doi={10.1115/GT2020-15481},
url={https://doi.org/10.1115/GT2020-15481}
}

@INPROCEEDINGS{Gillaugh2020_force,
author={Gillaugh, Daniel L.
and Janczewski, Timothy J.
and Kaszynski, Alexander A.
and Brown, Jeffrey M.
and Beck, Joseph A.
and Nessler, Chase},
title={Forced Response Variation of a Compressor Utilizing Blade Tip Timing, Strain Gages, and As-Manufactured Finite Element Models},
year={2020},
month={Sep},
day={21},
note={Volume 11: Structures and Dynamics: Structural Mechanics, Vibration, and Damping; Supercritical CO2},
note={ASME Turbo Expo 2020: Turbomachinery Technical Conference and Exposition},
note={GT2020},
note={Turbo Expo: Power for Land, Sea, and Air},
note={GT},
note={V011T30A022},
isbn={978-0-7918-8423-2},
doi={10.1115/GT2020-15054},
url={https://doi.org/10.1115/GT2020-15054}
}

@proceedings{Beck2021,
    author = {Beck, Joseph A. and Brown, Jeffrey M. and Kaszynski, Alex A. and Gillaugh, Daniel L.},
    title = "{Numerical Methods for Calculating Component Modes for Geometric Mistuning Reduced-Order Models}",
    volume = {Volume 9B: Structures and Dynamics — Fatigue, Fracture, and Life Prediction; Probabilistic Methods; Rotordynamics; Structural Mechanics and Vibration},
    series = {Turbo Expo: Power for Land, Sea, and Air},
    year = {2021},
    month = {06},
    doi = {10.1115/GT2021-59126},
    url = {https://doi.org/10.1115/GT2021-59126},
    note = {V09BT29A016},
}

@proceedings{Brown2021,
    author = {Brown, Jeffrey M. and Kaszynski, Alex A. and Gillaugh, Daniel L. and Carper, Emily B. and Beck, Joseph A.},
    title = "{Gaussian Stochastic Process Modeling of Blend Repaired Airfoil Modal Response Using Reduced Basis Mode Shape Approach}",
    volume = {Volume 9B: Structures and Dynamics — Fatigue, Fracture, and Life Prediction; Probabilistic Methods; Rotordynamics; Structural Mechanics and Vibration},
    series = {Turbo Expo: Power for Land, Sea, and Air},
    year = {2021},
    month = {06},
    doi = {10.1115/GT2021-60238},
    url = {https://doi.org/10.1115/GT2021-60238},
    note = {V09BT29A028},
}

@article{Gillaugh2021,
    author = {Gillaugh, Daniel L. and Janczewski, Timothy J. and Kaszynski, Alexander A. and Brown, Jeffrey M. and Beck, Joseph A. and Nessler, Chase},
    title = "{Forced Response Variation of a Compressor Utilizing Blade Tip Timing, Strain Gages, and As-Manufactured Finite Element Models}",
    journal = {Journal of Engineering for Gas Turbines and Power},
    volume = {143},
    number = {11},
    year = {2021},
    month = {10},
    issn = {0742-4795},
    doi = {10.1115/1.4051358},
    url = {https://doi.org/10.1115/1.4051358},
    note = {111023},
}

@article{Beck2021_journal,
    author = {Beck, Joseph A. and Brown, Jeffrey M. and Gillaugh, Daniel L. and Carper, Emily B. and Kaszynski, Alex A.},
    title = "{Integrally Bladed Rotor Mistuning Identification and Model Updating Using Geometric Mistuning Models}",
    journal = {Journal of Engineering for Gas Turbines and Power},
    volume = {143},
    number = {12},
    year = {2021},
    month = {10},
    issn = {0742-4795},
    doi = {10.1115/1.4051111},
    url = {https://doi.org/10.1115/1.4051111},
    note = {121012},
}

